% Encoding: UTF-8

@Article{ontanon2013survey,
  author  = {Ontan{\'o}n, Santiago and Synnaeve, Gabriel and Uriarte, Alberto and Richoux, Florian and Churchill, David and Preuss, Mike},
  title   = {A survey of real-time strategy game AI research and competition in StarCraft},
  journal = {Computational Intelligence and AI in Games, IEEE Transactions on},
  year    = {2013},
  pages   = {1--19},
}

@Article{meneguzzi2015planning,
  author  = {Meneguzzi, Felipe and De Silva, Lavindra},
  title   = {Planning in BDI agents: a survey of the integration of planning algorithms and agent reasoning},
  journal = {The Knowledge Engineering Review},
  year    = {2015},
  volume  = {Vol. 30:1},
  pages   = {1â€“44},
}

@Article{agent1993oriented,
  author  = {Yoav Shoham},
  title   = {Agent-oriented Programming},
  journal = {Artificial Intelligence},
  year    = {1993},
  volume  = {60},
  number  = {1},
  pages   = {51--92},
}

@Article{wooldridge1995intelligent,
  author  = {Wooldridge, Michael and Jennings, Nicholas R and others},
  title   = {Intelligent agents: Theory and practice},
  journal = {Knowledge engineering review},
  year    = {1995},
}

@Article{buro2012real,
  author  = {Buro, Michael and Churchill, David},
  title   = {Real-time strategy game competitions},
  journal = {AI Magazine},
  year    = {2012},
  volume  = {Vol 33, No 3},
  pages   = {106--108},
}
@article{kaelbling1996reinforcement,
  title={Reinforcement learning: A survey},
  author={Kaelbling, Leslie Pack and Littman, Michael L and Moore, Andrew W},
  journal={Journal of artificial intelligence research},
  year={1996}
}

@article{ilghami2006documentation,
	title={Documentation for {JSHOP2}},
	author={Ilghami, Okhtay},
	journal={Department of Computer Science, University of Maryland, Tech. Rep},
	year={2006}
}

@article{ontanon2012minimax,
	title={Experiments with game tree search in real-time strategy games},
	author={Ontanon, Santiago},
	journal={arXiv preprint arXiv:1208.1940},
	year={2012}
}

@Article{nauJSHOP2,
  author      = {Ilghami,Okhtay and Nau, Dana S.},
  title       = {A General Approach to Synthesize Problem-Specific Planners},
  journal     = {University of Maryland},
  year        = {2003},
  institution = {Department of Computer Science, University of Maryland, College Park},
}

%proceedings author/title/booktitle/year.
@inproceedings{ontanon2015adversarial, 
	title={Adversarial hierarchical-task network planning for complex real-time games},
	author={Onta{\~n}{\'o}n, Santiago and Buro, Michael},
	booktitle={Proceedings of the 24th International Conference on Artificial Intelligence},
	pages={1652--1658},
	year={2015}
}

@InProceedings{buro2003real,
  author    = {Buro, Michael},
  title     = {Real-time strategy games: A new AI research challenge},
  booktitle = {International Joint Conference on Artificial Intelligence},
  year      = {2003},
  pages     = {1534--1535},
}
@inproceedings{ontanon2013combinatorial, 
	title={The combinatorial multi-armed bandit problem and its application to real-time strategy games},
	author={Ontan{\'o}n, Santiago},
	booktitle={Ninth Artificial Intelligence and Interactive Digital Entertainment Conference},
	year={2013}
}

@InProceedings{helmert2007flexible,
  author    = {Helmert, Malte and Haslum, Patrik and Hoffmann, J{\"o}rg and others},
  title     = {Flexible Abstraction Heuristics for Optimal Sequential Planning},
  booktitle = {International Conference on Automated Planning and Scheduling},
  year      = {2007},
  pages     = {176--183},
}
%collection author/title/booktitle/publisher/year.
@incollection{ontanon2007case, 
title={Case-based planning and execution for real-time strategy games},
author={Onta{\~n}{\'o}n, Santiago and Mishra, Kinshuk and Sugandh, Neha and Ram, Ashwin},
booktitle={Case-Based Reasoning Research and Development},
pages={164--178},
year={2007},
publisher={Springer}
}


% BOOKS author/editor/title/publisher/year.
@book{intelligence2003modern,
	author = {Russell, Stuart and Norvig, Peter},
	title = {Artificial Intelligence: A Modern Approach},
	year = {2009},
	edition = {3rd},
	publisher = {Prentice Hall Press},
	address = {Upper Saddle River, NJ, USA}
} 
@book{ghallab2004automated,
	author = {Nau, Dana and Ghallab, Malik and Traverso, Paolo},
	title = {Automated Planning: Theory \& Practice},
	year = {2004},
	publisher = {Morgan Kaufmann Publishers Inc.},
	address = {San Francisco, CA, USA}
} 
@book{Mitchell1997ML,
	author = {Mitchell, Thomas M.},
	title = {Machine Learning},
	year = {1997},
	edition = {1st},
	publisher = {McGraw-Hill, Inc.},
	address = {New York, NY, USA}
} 
@book{millington2009artificial,
	author = {Millington, Ian and Funge, John},
	title = {Artificial Intelligence for Games},
	year = {2009},
	edition = {2nd},
	publisher = {Morgan Kaufmann Publishers Inc.},
	address = {San Francisco, CA, USA}
} 

@Book{agent1999,
  title     = {Intelligent Agents},
  publisher = {The MIT Press},
  year      = {1999},
  author    = {Wooldridge, Michel},
  pages     = {1--51},
}

@Comment{jabref-meta: databaseType:bibtex;}
