@inproceedings{ontanon2015adversarial, 
	title={Adversarial hierarchical-task network planning for complex real-time games},
	author={Onta{\~n}{\'o}n, Santiago and Buro, Michael},
	booktitle={Proceedings of the 24th International Conference on Artificial Intelligence},
	pages={1652--1658},
	year={2015}
}

@inproceedings{ontanon2013combinatorial, 
	title={The combinatorial multi-armed bandit problem and its application to real-time strategy games},
	author={Ontan{\'o}n, Santiago},
	booktitle={Ninth Artificial Intelligence and Interactive Digital Entertainment Conference},
	year={2013}
}