@inproceedings{ontanon2015adversarial,
  title={Adversarial hierarchical-task network planning for complex real-time games},
  author={Onta{\~n}{\'o}n, Santiago and Buro, Michael},
  booktitle={Proceedings of the 24th International Conference on Artificial Intelligence},
  pages={1652--1658},
  year={2015},
  organization={AAAI Press}
}

@article{meneguzzi2015planning,
  title={Planning in BDI agents: a survey of the integration of planning algorithms and agent reasoning},
  author={Meneguzzi, Felipe and De Silva, Lavindra},
  journal={The Knowledge Engineering Review},
  volume={30},
  number={01},
  pages={1--44},
  year={2015},
  publisher={Cambridge Univ Press}
}

@article{ontanon2012experiments,
  title={Experiments with game tree search in real-time strategy games},
  author={Ontanon, Santiago},
  journal={arXiv preprint arXiv:1208.1940},
  year={2012}
}

@article{intelligence2003modern,
  title={A modern approach},
  author={Intelligence, Artificial},
  journal={by Stuart Russell and Peter Norvig},
  year={2003}
}

@inproceedings{buro2003real,
  title={Real-time strategy games: A new AI research challenge},
  author={Buro, Michael},
  booktitle={IJCAI},
  pages={1534--1535},
  year={2003}
}

@inproceedings{hogg2010learning,
  title={Learning Methods to Generate Good Plans: Integrating HTN Learning and Reinforcement Learning.},
  author={Hogg, Chad and Kuter, Ugur and Munoz-Avila, Hector},
  booktitle={AAAI},
  year={2010}
}

@book{ghallab2004automated,
  title={Automated planning: theory \& practice},
  author={Ghallab, Malik and Nau, Dana and Traverso, Paolo},
  year={2004},
  publisher={Elsevier}
}